<record><leader>00000cas a2200000 a 4500</leader><controlfield tag="001">24600760</controlfield><controlfield tag="008">911022d19151927iludn ne      0   a0eng c</controlfield><datafield ind1=" " ind2=" " tag="010"><subfield code="a">sn 91055343 </subfield></datafield><datafield ind1=" " ind2=" " tag="040"><subfield code="a">NVF</subfield><subfield code="b">eng</subfield><subfield code="c">NVF</subfield><subfield code="d">NVF</subfield><subfield code="d">OCLCF</subfield><subfield code="d">NVF</subfield><subfield code="d">DLC</subfield><subfield code="d">OCLCO</subfield></datafield><datafield ind1="1" ind2=" " tag="029"><subfield code="a">AU@</subfield><subfield code="b">000020683013</subfield></datafield><datafield ind1=" " ind2=" " tag="042"><subfield code="a">pcc</subfield></datafield><datafield ind1=" " ind2=" " tag="043"><subfield code="a">n-us-il</subfield></datafield><datafield ind1="0" ind2="4" tag="245"><subfield code="a">The Danville morning press.</subfield></datafield><datafield ind1="1" ind2="7" tag="246"><subfield code="a">Danville press</subfield></datafield><datafield ind1="1" ind2="3" tag="246"><subfield code="a">Daily Democrat</subfield></datafield><datafield ind1=" " ind2=" " tag="260"><subfield code="a">Danville, Ill. :</subfield><subfield code="b">Danville Pub. Co.,</subfield><subfield code="c">1915-1927.</subfield></datafield><datafield ind1=" " ind2=" " tag="300"><subfield code="a">v.</subfield></datafield><datafield ind1=" " ind2=" " tag="310"><subfield code="a">Daily (except Monday)</subfield></datafield><datafield ind1="0" ind2=" " tag="362"><subfield code="a">-v. 37, no. 333 (Feb. 13, 1925); Feb. 14, 1925-</subfield></datafield><datafield ind1="1" ind2=" " tag="362"><subfield code="a">Began in Jan. 1915; ceased in Oct. 1927.</subfield></datafield><datafield ind1=" " ind2=" " tag="588"><subfield code="a">Description based on: Vol. 28, no. 118 (Jan. 3, 1915).</subfield></datafield><datafield ind1=" " ind2=" " tag="588"><subfield code="a">Latest issue consulted: Oct. 1, 1927.</subfield></datafield><datafield ind1=" " ind2="0" tag="651"><subfield code="a">Danville (Ill.)</subfield><subfield code="v">Newspapers.</subfield></datafield><datafield ind1=" " ind2="7" tag="651"><subfield code="a">Illinois</subfield><subfield code="z">Danville.</subfield><subfield code="2">fast</subfield><subfield code="0">(OCoLC)fst01217333</subfield></datafield><datafield ind1=" " ind2="7" tag="655"><subfield code="a">Newspapers.</subfield><subfield code="2">fast</subfield><subfield code="0">(OCoLC)fst01423814</subfield></datafield><datafield ind1=" " ind2=" " tag="752"><subfield code="a">United States</subfield><subfield code="b">Illinois</subfield><subfield code="c">Vermilion</subfield><subfield code="d">Danville.</subfield></datafield><datafield ind1="0" ind2="0" tag="780"><subfield code="t">Danville press-democrat</subfield><subfield code="w">(DLC)sn2002061105</subfield><subfield code="w">(OCoLC)48802590</subfield></datafield><datafield ind1="0" ind2="4" tag="785"><subfield code="t">Danville commercial-news</subfield><subfield code="w">(DLC)sn 82015357</subfield><subfield code="w">(OCoLC)8807618</subfield></datafield></record>